<collection><record><leader>01715cam  2200481 a 4500</leader><controlfield tag="005">20210714133158.0</controlfield><controlfield tag="008">961210s1997    paua     b    001 0 eng  </controlfield><controlfield tag="001">990008205740106761</controlfield><datafield tag="010" ind1=" " ind2=" "><subfield code="a">   96052458</subfield></datafield><datafield tag="020" ind1=" " ind2=" "><subfield code="z">9780898719574 (electronic bk.)</subfield></datafield><datafield tag="020" ind1=" " ind2=" "><subfield code="z">0898719577 (electronic bk.)</subfield></datafield><datafield tag="020" ind1=" " ind2=" "><subfield code="a">0898713617 (pbk.)</subfield></datafield><datafield tag="035" ind1=" " ind2=" "><subfield code="a">(MCM)000820574</subfield></datafield><datafield tag="035" ind1=" " ind2=" "><subfield code="a">(MCM)000820574MIT01</subfield></datafield><datafield tag="035" ind1=" " ind2=" "><subfield code="a">bke00000429</subfield></datafield><datafield tag="035" ind1=" " ind2=" "><subfield code="a">(OCoLC)36084666</subfield></datafield><datafield tag="040" ind1=" " ind2=" "><subfield code="a">DLC</subfield><subfield code="c">DLC</subfield><subfield code="d">C#P</subfield><subfield code="d">MYG</subfield></datafield><datafield tag="049" ind1=" " ind2=" "><subfield code="a">MYGG</subfield></datafield><datafield tag="050" ind1="0" ind2="0"><subfield code="a">QA184</subfield><subfield code="b">.T74 1997</subfield></datafield><datafield tag="082" ind1="0" ind2="0"><subfield code="a">512/.5</subfield><subfield code="2">21</subfield></datafield><datafield tag="100" ind1="1" ind2=" "><subfield code="a">Trefethen, Lloyd N.</subfield><subfield code="q">(Lloyd Nicholas)</subfield></datafield><datafield tag="245" ind1="1" ind2="0"><subfield code="a">Numerical linear algebra /</subfield><subfield code="c">Lloyd N. Trefethen, David Bau, III.</subfield></datafield><datafield tag="260" ind1=" " ind2=" "><subfield code="a">Philadelphia :</subfield><subfield code="b">SIAM,</subfield><subfield code="c">c1997.</subfield></datafield><datafield tag="300" ind1=" " ind2=" "><subfield code="a">xii, 361 p. :</subfield><subfield code="b">ill. ;</subfield><subfield code="c">26 cm.</subfield></datafield><datafield tag="336" ind1=" " ind2=" "><subfield code="a">text</subfield><subfield code="b">txt</subfield><subfield code="2">rdacontent</subfield></datafield><datafield tag="337" ind1=" " ind2=" "><subfield code="a">unmediated</subfield><subfield code="b">n</subfield><subfield code="2">rdamedia</subfield></datafield><datafield tag="338" ind1=" " ind2=" "><subfield code="a">volume</subfield><subfield code="b">nc</subfield><subfield code="2">rdacarrier</subfield></datafield><datafield tag="504" ind1=" " ind2=" "><subfield code="a">Includes bibliographical references (p. 343-352) and index.</subfield></datafield><datafield tag="599" ind1=" " ind2=" "><subfield code="a">10820574</subfield></datafield><datafield tag="650" ind1=" " ind2="0"><subfield code="a">Algebras, Linear.</subfield></datafield><datafield tag="650" ind1=" " ind2="0"><subfield code="a">Numerical calculations.</subfield></datafield><datafield tag="793" ind1=" " ind2=" "><subfield code="a">Numerical linear algebra / also by David Bau III</subfield><subfield code="g">9800001258 980001447</subfield></datafield><datafield tag="793" ind1=" " ind2=" "><subfield code="a">Numerical linear algebra /</subfield><subfield code="g">9800004031 980004751</subfield></datafield><datafield tag="700" ind1="1" ind2=" "><subfield code="a">Bau, David.</subfield></datafield><datafield tag="900" ind1="0" ind2=" "><subfield code="b">SCI</subfield><subfield code="d">STACK</subfield><subfield code="f">QA184.T74 1997</subfield><subfield code="8">22499328430006761</subfield></datafield><datafield tag="985" ind1=" " ind2=" "><subfield code="u">1</subfield><subfield code="j">0</subfield><subfield code="aa">STACK</subfield><subfield code="v">false</subfield><subfield code="t">BOOK</subfield><subfield code="s">39080022916099</subfield><subfield code="z">STACK</subfield><subfield code="a">23499328410006761</subfield><subfield code="c">01</subfield><subfield code="bb">QA184.T74 1997</subfield><subfield code="h">SCI</subfield><subfield code="i">SCI</subfield></datafield><datafield tag="985" ind1=" " ind2=" "><subfield code="u">0</subfield><subfield code="j">0</subfield><subfield code="aa">STACK</subfield><subfield code="v">false</subfield><subfield code="t">BOOK</subfield><subfield code="s">39080028515432</subfield><subfield code="z">STACK</subfield><subfield code="a">23499328400006761</subfield><subfield code="c">01</subfield><subfield code="bb">QA184.T74 1997</subfield><subfield code="h">SCI</subfield><subfield code="i">SCI</subfield></datafield><datafield tag="985" ind1=" " ind2=" "><subfield code="u">0</subfield><subfield code="j">0</subfield><subfield code="aa">STACK</subfield><subfield code="v">false</subfield><subfield code="t">BOOK</subfield><subfield code="s">39080013586232</subfield><subfield code="z">STACK</subfield><subfield code="a">23499328420006761</subfield><subfield code="c">01</subfield><subfield code="bb">QA184.T74 1997</subfield><subfield code="h">SCI</subfield><subfield code="i">SCI</subfield></datafield></record></collection>